<?xml version="1.0" encoding="UTF-8"?>
<record xmlns="http://www.loc.gov/MARC21/slim" xmlns:xsi="http://www.w3.org/2001/XMLSchema-instance" xsi:schemaLocation="http://www.loc.gov/MARC21/slim http://www.loc.gov/standards/marcxml/schema/MARC21slim.xsd">
<leader>00000cam a22      a 4500</leader>
<controlfield tag="001">001677939</controlfield>
<controlfield tag="003">NNU</controlfield>
<controlfield tag="005">20151013162730.0</controlfield>
<controlfield tag="008">860418s1962    iq            000 0 ara d</controlfield>
<datafield tag="010" ind1=" " ind2=" ">
<subfield code="a">ne 64000435</subfield>
</datafield>
<datafield tag="035" ind1=" " ind2=" ">
<subfield code="a">(OCoLC)13453675</subfield>
</datafield>
<datafield tag="040" ind1=" " ind2=" ">
<subfield code="a">SMI</subfield>
<subfield code="b">eng</subfield>
<subfield code="c">SMI</subfield>
<subfield code="d">OCL</subfield>
<subfield code="d">OCLCQ</subfield>
<subfield code="d">OCLCG</subfield>
<subfield code="d">OCLCQ</subfield>
<subfield code="d">OCLCF</subfield>
<subfield code="d">OCLCQ</subfield>
<subfield code="d">OCLCO</subfield>
<subfield code="d">NNU</subfield>
</datafield>
<datafield tag="043" ind1=" " ind2=" ">
<subfield code="a">a------</subfield>
</datafield>
<datafield tag="050" ind1=" " ind2="4">
<subfield code="a">DS4</subfield>
<subfield code="b">.Z23 1962</subfield>
</datafield>
<datafield tag="100" ind1="1" ind2=" ">
<subfield code="6">880-01</subfield>
<subfield code="a">Zamakhsharī, Maḥmūd ibn ʻUmar,</subfield>
<subfield code="d">1075-1144.</subfield>
</datafield>
<datafield tag="245" ind1="1" ind2="3">
<subfield code="a">al-Jibāl wa-al-amkinah wa-al-miyāh /</subfield>
<subfield code="c">taṣnīf Abī al-Qāsim Maḥmūd ibn ʻUmar al-Zamakhsharī ; ḥaqqaqahu wa-ʻallaqa ʻalayhi wa-qaddama la-hu Muḥammad Ṣādiq Āl Baḥr al-ʻUlūm.</subfield>
</datafield>
<datafield tag="260" ind1=" " ind2=" ">
<subfield code="6">880-02</subfield>
<subfield code="a">Najaf :</subfield>
<subfield code="b">al-Maṭbaʻah al-Ḥaydarīyah,</subfield>
<subfield code="c">[1962]</subfield>
</datafield>
<datafield tag="300" ind1=" " ind2=" ">
<subfield code="a">160 pages ;</subfield>
<subfield code="c">22 cm</subfield>
</datafield>
<datafield tag="336" ind1=" " ind2=" ">
<subfield code="a">text</subfield>
<subfield code="b">txt</subfield>
<subfield code="2">rdacontent</subfield>
</datafield>
<datafield tag="337" ind1=" " ind2=" ">
<subfield code="a">unmediated</subfield>
<subfield code="b">n</subfield>
<subfield code="2">rdamedia</subfield>
</datafield>
<datafield tag="338" ind1=" " ind2=" ">
<subfield code="a">volume</subfield>
<subfield code="b">nc</subfield>
<subfield code="2">rdacarrier</subfield>
</datafield>
<datafield tag="530" ind1=" " ind2=" ">
<subfield code="a">Also issued online.</subfield>
</datafield>
<datafield tag="651" ind1=" " ind2="0">
<subfield code="a">Asia</subfield>
<subfield code="v">Gazetteers.</subfield>
</datafield>
<datafield tag="651" ind1=" " ind2="7">
<subfield code="a">Asia.</subfield>
<subfield code="2">fast</subfield>
<subfield code="0">(OCoLC)fst01240495.</subfield>
</datafield>
<datafield tag="655" ind1=" " ind2="7">
<subfield code="a">Gazetteers.</subfield>
<subfield code="2">fast</subfield>
<subfield code="0">(OCoLC)fst01423817.</subfield>
</datafield>
<datafield tag="776" ind1="0" ind2="8">
<subfield code="i">Online version:</subfield>
<subfield code="a">Zamakhsharī, Maḥmūd ibn ʻUmar, 1075-1144.</subfield>
<subfield code="t">Jibāl wa-al-amkinah wa-al-miyāh.</subfield>
<subfield code="d">Najaf : al-Maṭbaʻah al-Ḥaydarīyah, [1962]</subfield>
<subfield code="w">(OCoLC)551722267</subfield>
</datafield>
<datafield tag="880" ind1="1" ind2=" ">
<subfield code="6">100-01/</subfield>
<subfield code="a">زمخشري، محمود بن عمر،</subfield>
<subfield code="d">1075-1144.</subfield>
</datafield>
<datafield tag="880" ind1=" " ind2=" ">
<subfield code="6">260-02/</subfield>
<subfield code="a">نجف :</subfield>
<subfield code="b">المطبعة الحيدرية،</subfield>
<subfield code="c">[1962]</subfield>
</datafield>
<datafield tag="OWN" ind1=" " ind2=" ">
<subfield code="a">GENERAL</subfield>
</datafield>
<datafield tag="AVA" ind1=" " ind2=" ">
<subfield code="a">NYU50</subfield>
<subfield code="b">BOBST</subfield>
<subfield code="c">Main Collection</subfield>
<subfield code="d">DS6 .Z2</subfield>
<subfield code="e">unavailable</subfield>
<subfield code="t">Unavailable</subfield>
<subfield code="f">1</subfield>
<subfield code="g">1</subfield>
<subfield code="h">N</subfield>
<subfield code="i">0</subfield>
<subfield code="j">MAIN</subfield>
<subfield code="k">0</subfield>
</datafield>
</record>
